@Book{AudyFreitag08,
	author = "Audy, Jorge and Freitag, Angela",
	title = "Sistemas de Informação: Planejamento e alinhamento estratégico nas organizações",
    publisher = "Bookman",
    year = {2008},
	address = "Porto Alegre, RS",
    pages = "15--17",
}

@book{Isaca2012,
 author = {Isaca},
 title = {Cobit 5: a business framework for the governance and management of enterprise it.},
 year = {2012},
 isbn = {1604202378, 9781604202373},
 publisher = {ISA},
} 

@Book{Beal2009,
	author = "Beal, Adriana",
    title = "O sistema de informação como estratégia empresarial",
    publisher = "Atlas",
    year= {2009}
}

@Book{HUTTERMANN12,
	author = "Michael Hüttermann",
    title  = "DevOps for Developers, Integrate development and operations, the agile way",
    publisher = "apress",
    year = {2012}
}

@article{Olszewska2015,
    author = {Olszewska, Marta and Wald{\'{e}}n, Marina},
    doi = {10.1145/2804371.2804373},
    isbn = {9781450338172},
    journal = {Proceedings of the 1st International Workshop on Quality-Aware DevOps - QUDOS 2015},
    keywords = {agile,devops,event-b,formal modelling,scrum},
    pages = {7--12},
    title = {{DevOps meets formal modelling in high-criticality complex systems}},
    url = {http://dl.acm.org/citation.cfm?doid=2804371.2804373},
    year = {2015}
}

@article{Perera2017,
  author = {Perera, Pulasthi and Bandara, Madhushi and Perera, Indika},
  doi = {10.1109/ICTER.2016.7829932},
  isbn = {9781509060788},
  journal = {16th International Conference on Advances in 	ICT for Emerging Regions, ICTer 2016 - Conference 	Proceedings},
  keywords = {DevOps,DevOps Challenges,Product 			Quality,Software Development Industry,Software Lifecycle},
  pages = {281--287},
  title = {{Evaluating the impact of DevOps practice in Sri 	Lankan software development organizations}},
  year = {2017}
}


@article{Debois2008,
  author = {Debois, Patrick},
  doi = {10.1109/Agile.2008.42},
  isbn = {9780769533216},
  journal = {Proceedings - Agile 2008 Conference},
  pages = {202--207},
  title = {Agile infrastructure and operations: How infra-gile are you?},
  year = {2008}
}

@article{Jabbari2016,
  author = {Jabbari, Ramtin and bin Ali, Nauman and Petersen, Kai and Tanveer, Binish},
  doi = {10.1145/2962695.2962707},
  isbn = {9781450341349},
  issn = {07421222},
  journal = {Proceedings of the Scientific Workshop Proceedings of XP2016 on - XP '16 Workshops},
  keywords = {devops definition,devops practice,software development},
  pages = {1--11},
  title = {{What is DevOps? A Systematic Mapping Study on Definitions and Practices}},
  url = {http://dl.acm.org/citation.cfm?doid=2962695.2962707},
  year = {2016}
}

@article{Kerzazi2016,
archivePrefix = {arXiv},
arxivId = {arXiv:1508.06655v1},
author = {Kerzazi, N and Adams, B},
doi = {10.1145/1235},
eprint = {arXiv:1508.06655v1},
file = {:C$\backslash$:/Users/kagliardi.ASAV/AppData/Local/Mendeley Ltd./Mendeley Desktop/Downloaded/Kerzazi, Adams - 2016 - Who Needs Release and DevOps Engineers, and Why.pdf:pdf},
isbn = {9781450321389},
issn = {16130073},
journal = {International Workshop on Continuous Software Evolution and Delivery},
keywords = {devops,empirical study,job description,release engineer},
number = {1},
pages = {77--83},
title = {{Who Needs Release and DevOps Engineers, and Why?}},
url = {http://mcis.polymtl.ca/publications/2016/csed.pdf},
year = {2016}
}

@misc{Willis,
    author = "{John Willis}",
    title = {{What Devops Means to Me}},
    howpublished = {\url{https://blog.chef.io/2010/07/16/what-devops-means-to-me/}},
    year = {2010},
    note = {Online; Acessado 20 Novembro 2017} ,
}     


@misc{beck2001agile,
  added-at = {2007-12-30T11:39:05.000+0100},
  author = {Beck, Kent and Beedle, Mike and van Bennekum, Arie and Cockburn, Alistair and Cunningham, Ward and Fowler, Martin and Grenning, James and Highsmith, Jim and Hunt, Andrew and Jeffries, Ron and Kern, Jon and Marick, Brian and Martin, Robert C. and Mellor, Steve and Schwaber, Ken and Sutherland, Jeff and Thomas, Dave},
  biburl = {https://www.bibsonomy.org/bibtex/28954248a545d88dd2c0e688d1c7e2f9d/juve},
  booktitle = {Manifesto for Agile Software Development},
  description = {Manifesto for Agile Software Development},
  interhash = {098cc7e185f10c3da390459a01e0d535},
  intrahash = {8954248a545d88dd2c0e688d1c7e2f9d},
  keywords = {imported},
  timestamp = {2007-12-30T11:39:05.000+0100},
  title = {Manifesto for Agile Software Development},
  url = {http://www.agilemanifesto.org/},
  year = 2001
}


@book{Davis,
 author = {Davis, Jennifer and Daniels, Katherine},
 title = {Effective DevOps: Building a Culture of Collaboration, Affinity, and Tooling at Scale},
 year = {2016},
 isbn = {1491926309, 9781491926307},
 edition = {1st},
 publisher = {O'Reilly Media, Inc.},
} 


@article{ELBAYADI2014,
  author = {{E. ELBAYADI}, MOUDY},
  pages = {253},
  title = {Relational Leadership, Devops, and the Post-Pc Era: Toward a Practical Theory for 21St Century Technology Leaders},
  year = {2014}
}


@book{Humble2012,
  archivePrefix = {arXiv},
  arxivId = {arXiv:1011.1669v3},
  author = {Humble, Jezz and Farley, David},
  booktitle = {Continuous delivery},
  doi = {10.1007/s13398-014-0173-7.2},
  eprint = {arXiv:1011.1669v3},
  isbn = {978-0-321-60191-9},
  issn = {1098-6596},
  pages = {497},
  pmid = {25246403},
  title = {Continuous Delivery: Reliable Software Releases through Build, Test, and Deployment Automation},
  year = {2010}
}


@book{Morris2016,
  archivePrefix = {arXiv},
  arxivId = {arXiv:1011.1669v3},
  author = {Morris, Kief},
  eprint = {arXiv:1011.1669v3},
  isbn = {978-1-4919-2437-2},
  issn = {08628408},
  pages = {362},
  pmid = {25246403},
  title = {{Infrastructure as Code - Managing Servers in the Cloud}},
  year = {2016}
}

@book{Sharma2014,
author = {Sharma, Sanjeev},
isbn = {9781118733783},
pages = {51},
title = {{DevOps For Dummies}},
year = {2014}
}

@book{Hutterman2012,
author = {Michael Huttermann},
isbn = {1430245697},
title = {DevOps for Developers: Integrate Development and Operations, The Agile Way},
pages = {112},
year = {2012},
}

@article {Freitas2010
,title = {O método de pesquisa survey}
,author = {Freitas, H. and  Oliveira, M. and  Saccol, A. Z. and  Moscarola, J.}
,journal = {Revista de Administração}
,year = {2000}
,volume = {35}
,number = {3}
,pages = {105-112}
,abstract = {Os autores abordam o método de pesquisa survey, com foco nas suas características gerais e em alguns aspectos relacionados a amostragem, elaboração do instrumento de pesquisa, estratégia de aplicação, verificação da validade e da confiabilidade. Discutem, também, algumas referências gerais sobre a análise dos dados.}
,url = {http://www.spell.org.br/documentos/ver/16542/o-metodo-de-pesquisa-survey}
,ISSN = {0080-2107}
,type = {Journal Article}
}
@misc{SPOTIFY,
author = {Spotify},
title = {Spotify engineering culture},
howpublished = {\url{https://labs.spotify.com/2014/03/27/spotify-engineering-culture-part-1/}},
note={Acessado em 30-05-2019},
year=2014
}

@misc{SEBRAE2017,
author = "{SEBRAE}",
title = {Qual a receita bruta e o número de empregados para mei, me e epp?},
howpublished = {\url{http://blog.sebrae-sc.com.br/numero-de-empregados-receita-bruta-para-mei-me-epp}},
note={Acessado em: 10-11-2018},
year="{2017}",
}

@misc{EDTIBoxPlot,
author = {Escola EDTI},
title = {Box Plot: Como analisar e interpretar esse gráfico?},
howpublished = {\url{https://www.escolaedti.com.br/o-que-e-um-box-plot/}},
note = {Acessado em: 31-05-2019},
year="{2013}",
}


@misc{Fowler2006,
    author = "{Martin Fowler}",
    title = {{Continuous Integration}},
    howpublished = {\url{https://martinfowler.com/articles/continuousIntegration.html}},
    note = {Acessado em: 03-10-2018} ,
    year={2006},
}

@misc{Atlassian2018,
   author = "{Atlassian}", 
   title = {O que é DevOps?},
      howpublished = {\url{https://br.atlassian.com/devops}},
    note = {Acessado em: 03-10-2018} ,
    year={2018},
}

@misc{Microsoft2015,
   author = "{Microsoft}", 
   title = {DevOps Elephant},
   howpublished = {\url{https://blogs.technet.microsoft.com/uktechnet/2015/12/18/demystifying-devops-behaviours/}},
   note = {Acessado em: 03-10-2018} ,
   year=2015,
}

@misc{DEV2PS,
   author = "{Dev2ps}", 
   title = {Wall of Confusion},
   howpublished = {\url{http://dev2ps.org/2010/02/what-is-devops/}},
   note = {Acessado em: 08-10-2018} ,
   year=2010,
}

@misc{SurveyMonkey,
author = "{SurveyMonkey}",
title = {Calculadora de tamanho de amostra},
howpublished = {\url{https://pt.surveymonkey.com/mp/sample-size-calculator/}},
note = {Acessado em: 20-10-2018},
year = {2018},
}


@misc{Wotton,
   author = {Wotton, Ben and Phillips, Andrew}, 
   title = {Preparing for Continuous Delivery},
      howpublished = {\url{https://dzone.com/refcardz/preparing-continuous-delivery?chapter=5}},
    note = {Acessado em: 03-10-2018} ,
    year=2018,
}


@article{Borangiu2016,
author = {Borangiu, Theodor and Drăgoicea, Monica and N{\'{o}}voa, Henriqueta},
isbn = {9783319326887},
issn = {18651348},
journal = {Lecture Notes in Business Information Processing},
number = {May},
pmid = {9217684},
title = {Exploring services science: 7th international conference, IESS 2016 Bucharest, Romania, May 25-27, 2016 proceedings},
volume = {247},
year = {2016}
}

@book{Duvall2007,
 author = {Duvall, Paul and Matyas, Steve and Glover, Andrew},
 title = {Continuous Integration: Improving Software Quality and Reducing Risk},
 year = {2007},
 isbn = {9780321336385},
 edition = {First},
 publisher = {Addison-Wesley Professional},
} 

@article{Braga2015,
author = {Braga, Filipe Ant{\^{o}}nio Motta},
pages = {124},
title = {{Um panorama sobre o uso de pr{\'{a}}ticas DevOps nas ind{\'{u}}strias de software}},
year = {2015}
}

@article{Levita2017,
author = {Levita, Carlos de Amorim},
pages = {206},
title = {Proposta de modelo para avaliação de maturidade DevOps: Estudo de caso em empresas de grande porte},
year = {2017}
}



@misc{Miguel,
title   = {Metodologia de pesquisa em engenharia de produção e gestão de operações},
author = {Miguel, Paulo Augusto Cauchick and Fleury, Afonso and Mello, Carlos Henrique Pereira and Nakano, Davi Noboru and Turrioni, João Batista and Ho, Linda Lee and Morabito, Reinaldo and Martins, Roberto Antonio and Pureza, Vitória},
year = {2010},
publisher = {Elsevier}
}
